%YAML 1.1
%TAG !u! tag:unity3d.com,2011:
--- !u!1 &1770866508842170823
GameObject:
  m_ObjectHideFlags: 0
  m_CorrespondingSourceObject: {fileID: 0}
  m_PrefabInstance: {fileID: 0}
  m_PrefabAsset: {fileID: 0}
  serializedVersion: 6
  m_Component:
  - component: {fileID: 1770866508842170817}
  - component: {fileID: 1770866508842170822}
  - component: {fileID: 1770866508842170816}
  - component: {fileID: 1770866508842170687}
  - component: {fileID: 1770866508842170818}
  - component: {fileID: 1770866508842170819}
  - component: {fileID: 1770866508842170685}
  - component: {fileID: 1770866508842170684}
  m_Layer: 0
  m_Name: Boss
  m_TagString: Enemy
  m_Icon: {fileID: 0}
  m_NavMeshLayer: 0
  m_StaticEditorFlags: 0
  m_IsActive: 1
--- !u!4 &1770866508842170817
Transform:
  m_ObjectHideFlags: 0
  m_CorrespondingSourceObject: {fileID: 0}
  m_PrefabInstance: {fileID: 0}
  m_PrefabAsset: {fileID: 0}
  m_GameObject: {fileID: 1770866508842170823}
  m_LocalRotation: {x: 0, y: 0, z: 0, w: 1}
  m_LocalPosition: {x: 4.91, y: 6.91, z: -0.44}
  m_LocalScale: {x: 0.34559393, y: 0.3369541, z: 0.34559393}
  m_Children: []
  m_Father: {fileID: 0}
  m_RootOrder: 0
  m_LocalEulerAnglesHint: {x: 0, y: 0, z: 0}
--- !u!212 &1770866508842170822
SpriteRenderer:
  m_ObjectHideFlags: 0
  m_CorrespondingSourceObject: {fileID: 0}
  m_PrefabInstance: {fileID: 0}
  m_PrefabAsset: {fileID: 0}
  m_GameObject: {fileID: 1770866508842170823}
  m_Enabled: 1
  m_CastShadows: 0
  m_ReceiveShadows: 0
  m_DynamicOccludee: 1
  m_StaticShadowCaster: 0
  m_MotionVectors: 1
  m_LightProbeUsage: 1
  m_ReflectionProbeUsage: 1
  m_RayTracingMode: 0
  m_RayTraceProcedural: 0
  m_RenderingLayerMask: 1
  m_RendererPriority: 0
  m_Materials:
  - {fileID: 2100000, guid: a97c105638bdf8b4a8650670310a4cd3, type: 2}
  m_StaticBatchInfo:
    firstSubMesh: 0
    subMeshCount: 0
  m_StaticBatchRoot: {fileID: 0}
  m_ProbeAnchor: {fileID: 0}
  m_LightProbeVolumeOverride: {fileID: 0}
  m_ScaleInLightmap: 1
  m_ReceiveGI: 1
  m_PreserveUVs: 0
  m_IgnoreNormalsForChartDetection: 0
  m_ImportantGI: 0
  m_StitchLightmapSeams: 1
  m_SelectedEditorRenderState: 0
  m_MinimumChartSize: 4
  m_AutoUVMaxDistance: 0.5
  m_AutoUVMaxAngle: 89
  m_LightmapParameters: {fileID: 0}
  m_SortingLayerID: 0
  m_SortingLayer: 0
  m_SortingOrder: 0
  m_Sprite: {fileID: 21300000, guid: 6a9df8d6035baa5449bc042383e4a390, type: 3}
  m_Color: {r: 1, g: 1, b: 1, a: 1}
  m_FlipX: 0
  m_FlipY: 0
  m_DrawMode: 0
  m_Size: {x: 1, y: 1.3125}
  m_AdaptiveModeThreshold: 0.5
  m_SpriteTileMode: 0
  m_WasSpriteAssigned: 1
  m_MaskInteraction: 0
  m_SpriteSortPoint: 0
--- !u!114 &1770866508842170816
MonoBehaviour:
  m_ObjectHideFlags: 0
  m_CorrespondingSourceObject: {fileID: 0}
  m_PrefabInstance: {fileID: 0}
  m_PrefabAsset: {fileID: 0}
  m_GameObject: {fileID: 1770866508842170823}
  m_Enabled: 1
  m_EditorHideFlags: 0
  m_Script: {fileID: 11500000, guid: 98d2d4ff0c7f24243ab72663518c43f3, type: 3}
  m_Name: 
  m_EditorClassIdentifier: 
  movementSpeed: 16
  rotationSpeed: 4
  pushForce: 25
  isBoss: 1
--- !u!114 &1770866508842170687
MonoBehaviour:
  m_ObjectHideFlags: 0
  m_CorrespondingSourceObject: {fileID: 0}
  m_PrefabInstance: {fileID: 0}
  m_PrefabAsset: {fileID: 0}
  m_GameObject: {fileID: 1770866508842170823}
  m_Enabled: 1
  m_EditorHideFlags: 0
  m_Script: {fileID: 11500000, guid: f6f844b6465b2044db1ed12dc79b5ed2, type: 3}
  m_Name: 
  m_EditorClassIdentifier: 
  health: 1000
  isBoss: 1
--- !u!50 &1770866508842170818
Rigidbody2D:
  serializedVersion: 4
  m_ObjectHideFlags: 0
  m_CorrespondingSourceObject: {fileID: 0}
  m_PrefabInstance: {fileID: 0}
  m_PrefabAsset: {fileID: 0}
  m_GameObject: {fileID: 1770866508842170823}
  m_BodyType: 0
  m_Simulated: 1
  m_UseFullKinematicContacts: 0
  m_UseAutoMass: 0
  m_Mass: 1
  m_LinearDrag: 5
  m_AngularDrag: 0.05
  m_GravityScale: 0
  m_Material: {fileID: 0}
  m_Interpolate: 1
  m_SleepingMode: 1
  m_CollisionDetection: 1
  m_Constraints: 4
--- !u!70 &1770866508842170819
CapsuleCollider2D:
  m_ObjectHideFlags: 0
  m_CorrespondingSourceObject: {fileID: 0}
  m_PrefabInstance: {fileID: 0}
  m_PrefabAsset: {fileID: 0}
  m_GameObject: {fileID: 1770866508842170823}
  m_Enabled: 1
  m_Density: 1
  m_Material: {fileID: 0}
  m_IsTrigger: 0
  m_UsedByEffector: 0
  m_UsedByComposite: 0
  m_Offset: {x: 0.057318833, y: 0.753509}
  m_Size: {x: 7.44685, y: 4.7177567}
  m_Direction: 1
--- !u!95 &1770866508842170685
Animator:
  serializedVersion: 3
  m_ObjectHideFlags: 0
  m_CorrespondingSourceObject: {fileID: 0}
  m_PrefabInstance: {fileID: 0}
  m_PrefabAsset: {fileID: 0}
  m_GameObject: {fileID: 1770866508842170823}
  m_Enabled: 1
  m_Avatar: {fileID: 0}
  m_Controller: {fileID: 0}
  m_CullingMode: 0
  m_UpdateMode: 0
  m_ApplyRootMotion: 0
  m_LinearVelocityBlending: 0
  m_WarningMessage: 
  m_HasTransformHierarchy: 1
  m_AllowConstantClipSamplingOptimization: 1
  m_KeepAnimatorControllerStateOnDisable: 0
--- !u!114 &1770866508842170684
MonoBehaviour:
  m_ObjectHideFlags: 0
  m_CorrespondingSourceObject: {fileID: 0}
  m_PrefabInstance: {fileID: 0}
  m_PrefabAsset: {fileID: 0}
  m_GameObject: {fileID: 1770866508842170823}
  m_Enabled: 1
  m_EditorHideFlags: 0
  m_Script: {fileID: 11500000, guid: 7db70e0ea77f5ac47a8f4565a9406397, type: 3}
  m_Name: 
  m_EditorClassIdentifier: 
  m_ShadowGroup: 0
  m_HasRenderer: 1
  m_UseRendererSilhouette: 1
  m_CastsShadows: 1
  m_SelfShadows: 1
  m_ApplyToSortingLayers: 00000000
  m_ShapePath:
  - {x: -0.42971113, y: -2.0604475, z: -0.0000036812348}
  - {x: 0.0819533, y: -2.234218, z: -0.000005561392}
  - {x: 0.4514237, y: -2.2133932, z: -0.000009885753}
  - {x: 1.0261621, y: -1.8816463, z: -0.0000025531406}
  - {x: 0.8960222, y: -2.2431316, z: -0.000004433298}
  - {x: 0.37392515, y: -2.8254242, z: -0.0000040572663}
  - {x: -0.037215564, y: -2.9648867, z: -0.000006313455}
  - {x: -0.48738232, y: -2.7313275, z: -0.0000025531406}
  - {x: -0.8285992, y: -2.2129626, z: -0.0000040572663}
  - {x: -0.9220295, y: -1.8954473, z: 0.000005907566}
  m_ShapePathHash: -1782900287
  m_Mesh: {fileID: 0}
  m_InstanceId: -545262
